<?xml version="1.0" encoding="UTF-8"?>
<marcx:collection xmlns:marcx="info:lc/xmlns/marcxchange-v1"><marcx:record format="danMARC2" type="Bibliographic" xmlns:marcx="info:lc/xmlns/marcxchange-v1"><marcx:leader>00000n    2200000   4500</marcx:leader><marcx:datafield tag="001" ind1="0" ind2="0"><marcx:subfield code="a">0 578 079 9</marcx:subfield><marcx:subfield code="b">870970</marcx:subfield><marcx:subfield code="c">20081215162616</marcx:subfield><marcx:subfield code="d">19820518</marcx:subfield><marcx:subfield code="f">a</marcx:subfield><marcx:subfield code="o">c</marcx:subfield></marcx:datafield><marcx:datafield tag="004" ind1="0" ind2="0"><marcx:subfield code="r">n</marcx:subfield><marcx:subfield code="a">e</marcx:subfield></marcx:datafield><marcx:datafield tag="008" ind1="0" ind2="0"><marcx:subfield code="t">m</marcx:subfield><marcx:subfield code="u">f</marcx:subfield><marcx:subfield code="a">1982</marcx:subfield><marcx:subfield code="b">dk</marcx:subfield><marcx:subfield code="l">dan</marcx:subfield><marcx:subfield code="v">0</marcx:subfield></marcx:datafield><marcx:datafield tag="009" ind1="0" ind2="0"><marcx:subfield code="a">a</marcx:subfield><marcx:subfield code="g">xx</marcx:subfield></marcx:datafield><marcx:datafield tag="021" ind1="0" ind2="0"><marcx:subfield code="a">87-7560-490-6</marcx:subfield><marcx:subfield code="c">hf.</marcx:subfield><marcx:subfield code="d">kr. 128.00</marcx:subfield></marcx:datafield><marcx:datafield tag="021" ind1="0" ind2="0"><marcx:subfield code="a">87-7560-491-4</marcx:subfield><marcx:subfield code="c">ib</marcx:subfield><marcx:subfield code="d">kr. 168.00</marcx:subfield></marcx:datafield><marcx:datafield tag="032" ind1="0" ind2="0"><marcx:subfield code="a">DBF198223</marcx:subfield><marcx:subfield code="x">SFD198223</marcx:subfield><marcx:subfield code="x">NYB198212</marcx:subfield><marcx:subfield code="x">DAT200849</marcx:subfield><marcx:subfield code="x">DAT990901</marcx:subfield></marcx:datafield><marcx:datafield tag="100" ind1="0" ind2="0"><marcx:subfield code="a">Garde</marcx:subfield><marcx:subfield code="h">Karin</marcx:subfield></marcx:datafield><marcx:datafield tag="245" ind1="0" ind2="0"><marcx:subfield code="a">Voksne kvinder</marcx:subfield><marcx:subfield code="c">en undersøgelse af 40-årige danske kvinders sexuelle adfærd, oplevelse, viden og holdning</marcx:subfield><marcx:subfield code="e">[af] Karin Garde, Inge Lunde</marcx:subfield><marcx:subfield code="f">[tegninger: Ruth Egelund</marcx:subfield><marcx:subfield code="f">efter forlæg af Inge Lunde]</marcx:subfield></marcx:datafield><marcx:datafield tag="260" ind1="0" ind2="0"><marcx:subfield code="&amp;">1</marcx:subfield><marcx:subfield code="a">[Kbh.]</marcx:subfield><marcx:subfield code="b">Lindhardt og Ringhof</marcx:subfield><marcx:subfield code="c">1982</marcx:subfield><marcx:subfield code="k">Nørhaven,Viborg</marcx:subfield></marcx:datafield><marcx:datafield tag="300" ind1="0" ind2="0"><marcx:subfield code="a">197 sider</marcx:subfield><marcx:subfield code="b">ill.</marcx:subfield><marcx:subfield code="c">23 sider</marcx:subfield></marcx:datafield><marcx:datafield tag="532" ind1="0" ind2="0"><marcx:subfield code="&amp;">1</marcx:subfield><marcx:subfield code="a">Litteraturliste: side 195-197</marcx:subfield></marcx:datafield><marcx:datafield tag="534" ind1="0" ind2="0"><marcx:subfield code="&amp;">1</marcx:subfield><marcx:subfield code="a">Af indholdet: Sexuel opdragelse og oplysning ; Menstruation ; Det sexuelle samlivs begyndelse ; Libido - sexuel lyst ; Orgasme - udløsning ; Samleje ; Variationer i sexuallivet ; Masturbation - onani ; Homosexualitet ; Nogle holdninger og kommunikationen på det sexuelle område ; Svangerskab, fødsler, aborter og prævention ; Overgangsalderen - klimakteriet ; Sexuelle problemer ; Sociale og psykiatriske faktorers indflydelse på den sexuelle adfærd</marcx:subfield></marcx:datafield><marcx:datafield tag="631" ind1="0" ind2="0"><marcx:subfield code="&amp;">710100</marcx:subfield><marcx:subfield code="a">kvinder</marcx:subfield></marcx:datafield><marcx:datafield tag="631" ind1="0" ind2="0"><marcx:subfield code="&amp;">710100</marcx:subfield><marcx:subfield code="a">seksualitet</marcx:subfield></marcx:datafield><marcx:datafield tag="654" ind1="0" ind2="0"><marcx:subfield code="m">30.17</marcx:subfield></marcx:datafield><marcx:datafield tag="700" ind1="0" ind2="0"><marcx:subfield code="a">Lunde</marcx:subfield><marcx:subfield code="h">Inge</marcx:subfield></marcx:datafield><marcx:datafield tag="d08" ind1="0" ind2="0"><marcx:subfield code="a">bhn/dh (Rettet til: Garde i 100/ma)</marcx:subfield></marcx:datafield><marcx:datafield tag="s10" ind1="0" ind2="0"><marcx:subfield code="a">DBC</marcx:subfield></marcx:datafield><marcx:datafield tag="z99" ind1="0" ind2="0"><marcx:subfield code="a">agr</marcx:subfield></marcx:datafield></marcx:record></marcx:collection>
